%YAML 1.1
%TAG !u! tag:unity3d.com,2011:
--- !u!1001 &100100000
Prefab:
  m_ObjectHideFlags: 1
  serializedVersion: 2
  m_Modification:
    m_TransformParent: {fileID: 0}
    m_Modifications: []
    m_RemovedComponents: []
  m_SourcePrefab: {fileID: 0}
  m_RootGameObject: {fileID: 1552091480907878}
  m_IsPrefabAsset: 1
--- !u!1 &1003105403271834
GameObject:
  m_ObjectHideFlags: 1
  m_CorrespondingSourceObject: {fileID: 0}
  m_PrefabInternal: {fileID: 100100000}
  serializedVersion: 6
  m_Component:
  - component: {fileID: 4950562476665732}
  m_Layer: 0
  m_Name: nogaC_001_L
  m_TagString: Untagged
  m_Icon: {fileID: 0}
  m_NavMeshLayer: 0
  m_StaticEditorFlags: 0
  m_IsActive: 1
--- !u!1 &1021687586088380
GameObject:
  m_ObjectHideFlags: 1
  m_CorrespondingSourceObject: {fileID: 0}
  m_PrefabInternal: {fileID: 100100000}
  serializedVersion: 6
  m_Component:
  - component: {fileID: 4533256110116898}
  m_Layer: 0
  m_Name: nogaB_003_L
  m_TagString: Untagged
  m_Icon: {fileID: 0}
  m_NavMeshLayer: 0
  m_StaticEditorFlags: 0
  m_IsActive: 1
--- !u!1 &1031900796848998
GameObject:
  m_ObjectHideFlags: 1
  m_CorrespondingSourceObject: {fileID: 0}
  m_PrefabInternal: {fileID: 100100000}
  serializedVersion: 6
  m_Component:
  - component: {fileID: 4382298180465910}
  m_Layer: 0
  m_Name: nogaB_002_R
  m_TagString: Untagged
  m_Icon: {fileID: 0}
  m_NavMeshLayer: 0
  m_StaticEditorFlags: 0
  m_IsActive: 1
--- !u!1 &1082132512006816
GameObject:
  m_ObjectHideFlags: 1
  m_CorrespondingSourceObject: {fileID: 0}
  m_PrefabInternal: {fileID: 100100000}
  serializedVersion: 6
  m_Component:
  - component: {fileID: 4226335972921170}
  m_Layer: 0
  m_Name: nogaC_001_R
  m_TagString: Untagged
  m_Icon: {fileID: 0}
  m_NavMeshLayer: 0
  m_StaticEditorFlags: 0
  m_IsActive: 1
--- !u!1 &1084478872460540
GameObject:
  m_ObjectHideFlags: 1
  m_CorrespondingSourceObject: {fileID: 0}
  m_PrefabInternal: {fileID: 100100000}
  serializedVersion: 6
  m_Component:
  - component: {fileID: 4048026684384582}
  m_Layer: 0
  m_Name: nogaA_R
  m_TagString: Untagged
  m_Icon: {fileID: 0}
  m_NavMeshLayer: 0
  m_StaticEditorFlags: 0
  m_IsActive: 1
--- !u!1 &1091202222045102
GameObject:
  m_ObjectHideFlags: 1
  m_CorrespondingSourceObject: {fileID: 0}
  m_PrefabInternal: {fileID: 100100000}
  serializedVersion: 6
  m_Component:
  - component: {fileID: 4759731504225820}
  m_Layer: 0
  m_Name: IKnoga_002_L
  m_TagString: Untagged
  m_Icon: {fileID: 0}
  m_NavMeshLayer: 0
  m_StaticEditorFlags: 0
  m_IsActive: 1
--- !u!1 &1122304613668808
GameObject:
  m_ObjectHideFlags: 1
  m_CorrespondingSourceObject: {fileID: 0}
  m_PrefabInternal: {fileID: 100100000}
  serializedVersion: 6
  m_Component:
  - component: {fileID: 4072459796271660}
  m_Layer: 0
  m_Name: nogaD_002_R
  m_TagString: Untagged
  m_Icon: {fileID: 0}
  m_NavMeshLayer: 0
  m_StaticEditorFlags: 0
  m_IsActive: 1
--- !u!1 &1134085451913126
GameObject:
  m_ObjectHideFlags: 1
  m_CorrespondingSourceObject: {fileID: 0}
  m_PrefabInternal: {fileID: 100100000}
  serializedVersion: 6
  m_Component:
  - component: {fileID: 4736483187962562}
  m_Layer: 0
  m_Name: nogaD_003_R
  m_TagString: Untagged
  m_Icon: {fileID: 0}
  m_NavMeshLayer: 0
  m_StaticEditorFlags: 0
  m_IsActive: 1
--- !u!1 &1154331970565994
GameObject:
  m_ObjectHideFlags: 0
  m_CorrespondingSourceObject: {fileID: 0}
  m_PrefabInternal: {fileID: 100100000}
  serializedVersion: 6
  m_Component:
  - component: {fileID: 4474869304380810}
  - component: {fileID: 137677140954684212}
  m_Layer: 0
  m_Name: Mesh
  m_TagString: Untagged
  m_Icon: {fileID: 0}
  m_NavMeshLayer: 0
  m_StaticEditorFlags: 0
  m_IsActive: 1
--- !u!1 &1172130115716918
GameObject:
  m_ObjectHideFlags: 1
  m_CorrespondingSourceObject: {fileID: 0}
  m_PrefabInternal: {fileID: 100100000}
  serializedVersion: 6
  m_Component:
  - component: {fileID: 4256681796786684}
  m_Layer: 0
  m_Name: IKnoga_001_L
  m_TagString: Untagged
  m_Icon: {fileID: 0}
  m_NavMeshLayer: 0
  m_StaticEditorFlags: 0
  m_IsActive: 1
--- !u!1 &1174219861933546
GameObject:
  m_ObjectHideFlags: 1
  m_CorrespondingSourceObject: {fileID: 0}
  m_PrefabInternal: {fileID: 100100000}
  serializedVersion: 6
  m_Component:
  - component: {fileID: 4912144429787738}
  m_Layer: 0
  m_Name: nogaB_R
  m_TagString: Untagged
  m_Icon: {fileID: 0}
  m_NavMeshLayer: 0
  m_StaticEditorFlags: 0
  m_IsActive: 1
--- !u!1 &1223320663275804
GameObject:
  m_ObjectHideFlags: 1
  m_CorrespondingSourceObject: {fileID: 0}
  m_PrefabInternal: {fileID: 100100000}
  serializedVersion: 6
  m_Component:
  - component: {fileID: 4857278949639964}
  m_Layer: 0
  m_Name: nogaC_002_R
  m_TagString: Untagged
  m_Icon: {fileID: 0}
  m_NavMeshLayer: 0
  m_StaticEditorFlags: 0
  m_IsActive: 1
--- !u!1 &1224223745580936
GameObject:
  m_ObjectHideFlags: 1
  m_CorrespondingSourceObject: {fileID: 0}
  m_PrefabInternal: {fileID: 100100000}
  serializedVersion: 6
  m_Component:
  - component: {fileID: 4890720387903760}
  m_Layer: 0
  m_Name: nogaD_003_L
  m_TagString: Untagged
  m_Icon: {fileID: 0}
  m_NavMeshLayer: 0
  m_StaticEditorFlags: 0
  m_IsActive: 1
--- !u!1 &1225879952209428
GameObject:
  m_ObjectHideFlags: 1
  m_CorrespondingSourceObject: {fileID: 0}
  m_PrefabInternal: {fileID: 100100000}
  serializedVersion: 6
  m_Component:
  - component: {fileID: 4183097169223564}
  m_Layer: 0
  m_Name: zubA_R
  m_TagString: Untagged
  m_Icon: {fileID: 0}
  m_NavMeshLayer: 0
  m_StaticEditorFlags: 0
  m_IsActive: 1
--- !u!1 &1294872335171898
GameObject:
  m_ObjectHideFlags: 1
  m_CorrespondingSourceObject: {fileID: 0}
  m_PrefabInternal: {fileID: 100100000}
  serializedVersion: 6
  m_Component:
  - component: {fileID: 4655725707167378}
  m_Layer: 0
  m_Name: IKnoga_001_R
  m_TagString: Untagged
  m_Icon: {fileID: 0}
  m_NavMeshLayer: 0
  m_StaticEditorFlags: 0
  m_IsActive: 1
--- !u!1 &1318436507969494
GameObject:
  m_ObjectHideFlags: 1
  m_CorrespondingSourceObject: {fileID: 0}
  m_PrefabInternal: {fileID: 100100000}
  serializedVersion: 6
  m_Component:
  - component: {fileID: 4834249754061650}
  m_Layer: 0
  m_Name: nogaB_001_R
  m_TagString: Untagged
  m_Icon: {fileID: 0}
  m_NavMeshLayer: 0
  m_StaticEditorFlags: 0
  m_IsActive: 1
--- !u!1 &1326750913203208
GameObject:
  m_ObjectHideFlags: 1
  m_CorrespondingSourceObject: {fileID: 0}
  m_PrefabInternal: {fileID: 100100000}
  serializedVersion: 6
  m_Component:
  - component: {fileID: 4658010833125260}
  m_Layer: 0
  m_Name: Master
  m_TagString: Untagged
  m_Icon: {fileID: 0}
  m_NavMeshLayer: 0
  m_StaticEditorFlags: 0
  m_IsActive: 1
--- !u!1 &1372153795929048
GameObject:
  m_ObjectHideFlags: 1
  m_CorrespondingSourceObject: {fileID: 0}
  m_PrefabInternal: {fileID: 100100000}
  serializedVersion: 6
  m_Component:
  - component: {fileID: 4911980897149562}
  m_Layer: 0
  m_Name: zubB_R
  m_TagString: Untagged
  m_Icon: {fileID: 0}
  m_NavMeshLayer: 0
  m_StaticEditorFlags: 0
  m_IsActive: 1
--- !u!1 &1394696269859656
GameObject:
  m_ObjectHideFlags: 1
  m_CorrespondingSourceObject: {fileID: 0}
  m_PrefabInternal: {fileID: 100100000}
  serializedVersion: 6
  m_Component:
  - component: {fileID: 4527638759120832}
  m_Layer: 0
  m_Name: nogaD_L
  m_TagString: Untagged
  m_Icon: {fileID: 0}
  m_NavMeshLayer: 0
  m_StaticEditorFlags: 0
  m_IsActive: 1
--- !u!1 &1409569010351842
GameObject:
  m_ObjectHideFlags: 1
  m_CorrespondingSourceObject: {fileID: 0}
  m_PrefabInternal: {fileID: 100100000}
  serializedVersion: 6
  m_Component:
  - component: {fileID: 4732616832340818}
  m_Layer: 0
  m_Name: Bone_003
  m_TagString: Untagged
  m_Icon: {fileID: 0}
  m_NavMeshLayer: 0
  m_StaticEditorFlags: 0
  m_IsActive: 1
--- !u!1 &1409945538413922
GameObject:
  m_ObjectHideFlags: 1
  m_CorrespondingSourceObject: {fileID: 0}
  m_PrefabInternal: {fileID: 100100000}
  serializedVersion: 6
  m_Component:
  - component: {fileID: 4976409179512890}
  m_Layer: 0
  m_Name: nogaC_002_L
  m_TagString: Untagged
  m_Icon: {fileID: 0}
  m_NavMeshLayer: 0
  m_StaticEditorFlags: 0
  m_IsActive: 1
--- !u!1 &1435950056888594
GameObject:
  m_ObjectHideFlags: 1
  m_CorrespondingSourceObject: {fileID: 0}
  m_PrefabInternal: {fileID: 100100000}
  serializedVersion: 6
  m_Component:
  - component: {fileID: 4846563542650780}
  m_Layer: 0
  m_Name: nogaA_002_R
  m_TagString: Untagged
  m_Icon: {fileID: 0}
  m_NavMeshLayer: 0
  m_StaticEditorFlags: 0
  m_IsActive: 1
--- !u!1 &1436315345117444
GameObject:
  m_ObjectHideFlags: 1
  m_CorrespondingSourceObject: {fileID: 0}
  m_PrefabInternal: {fileID: 100100000}
  serializedVersion: 6
  m_Component:
  - component: {fileID: 4812117411791574}
  m_Layer: 0
  m_Name: IKzub_L
  m_TagString: Untagged
  m_Icon: {fileID: 0}
  m_NavMeshLayer: 0
  m_StaticEditorFlags: 0
  m_IsActive: 1
--- !u!1 &1439669898275566
GameObject:
  m_ObjectHideFlags: 1
  m_CorrespondingSourceObject: {fileID: 0}
  m_PrefabInternal: {fileID: 100100000}
  serializedVersion: 6
  m_Component:
  - component: {fileID: 4865154495262658}
  m_Layer: 0
  m_Name: IKnoga_002_R
  m_TagString: Untagged
  m_Icon: {fileID: 0}
  m_NavMeshLayer: 0
  m_StaticEditorFlags: 0
  m_IsActive: 1
--- !u!1 &1471866394260934
GameObject:
  m_ObjectHideFlags: 1
  m_CorrespondingSourceObject: {fileID: 0}
  m_PrefabInternal: {fileID: 100100000}
  serializedVersion: 6
  m_Component:
  - component: {fileID: 4273992670160974}
  m_Layer: 0
  m_Name: IKnoga_003_L
  m_TagString: Untagged
  m_Icon: {fileID: 0}
  m_NavMeshLayer: 0
  m_StaticEditorFlags: 0
  m_IsActive: 1
--- !u!1 &1478497870224536
GameObject:
  m_ObjectHideFlags: 1
  m_CorrespondingSourceObject: {fileID: 0}
  m_PrefabInternal: {fileID: 100100000}
  serializedVersion: 6
  m_Component:
  - component: {fileID: 4968315680443126}
  m_Layer: 0
  m_Name: Head
  m_TagString: Untagged
  m_Icon: {fileID: 0}
  m_NavMeshLayer: 0
  m_StaticEditorFlags: 0
  m_IsActive: 1
--- !u!1 &1499950307806574
GameObject:
  m_ObjectHideFlags: 1
  m_CorrespondingSourceObject: {fileID: 0}
  m_PrefabInternal: {fileID: 100100000}
  serializedVersion: 6
  m_Component:
  - component: {fileID: 4316483772057824}
  m_Layer: 0
  m_Name: nogaA_003_R
  m_TagString: Untagged
  m_Icon: {fileID: 0}
  m_NavMeshLayer: 0
  m_StaticEditorFlags: 0
  m_IsActive: 1
--- !u!1 &1507031653657518
GameObject:
  m_ObjectHideFlags: 1
  m_CorrespondingSourceObject: {fileID: 0}
  m_PrefabInternal: {fileID: 100100000}
  serializedVersion: 6
  m_Component:
  - component: {fileID: 4405455939844218}
  m_Layer: 0
  m_Name: nogaA_003_L
  m_TagString: Untagged
  m_Icon: {fileID: 0}
  m_NavMeshLayer: 0
  m_StaticEditorFlags: 0
  m_IsActive: 1
--- !u!1 &1516655139287808
GameObject:
  m_ObjectHideFlags: 1
  m_CorrespondingSourceObject: {fileID: 0}
  m_PrefabInternal: {fileID: 100100000}
  serializedVersion: 6
  m_Component:
  - component: {fileID: 4230602468531608}
  m_Layer: 0
  m_Name: nogaC_003_R
  m_TagString: Untagged
  m_Icon: {fileID: 0}
  m_NavMeshLayer: 0
  m_StaticEditorFlags: 0
  m_IsActive: 1
--- !u!1 &1537338205041834
GameObject:
  m_ObjectHideFlags: 1
  m_CorrespondingSourceObject: {fileID: 0}
  m_PrefabInternal: {fileID: 100100000}
  serializedVersion: 6
  m_Component:
  - component: {fileID: 4158684573266380}
  m_Layer: 0
  m_Name: nogaA_002_L
  m_TagString: Untagged
  m_Icon: {fileID: 0}
  m_NavMeshLayer: 0
  m_StaticEditorFlags: 0
  m_IsActive: 1
--- !u!1 &1539216734812130
GameObject:
  m_ObjectHideFlags: 1
  m_CorrespondingSourceObject: {fileID: 0}
  m_PrefabInternal: {fileID: 100100000}
  serializedVersion: 6
  m_Component:
  - component: {fileID: 4219243021361244}
  m_Layer: 0
  m_Name: nogaA_L
  m_TagString: Untagged
  m_Icon: {fileID: 0}
  m_NavMeshLayer: 0
  m_StaticEditorFlags: 0
  m_IsActive: 1
--- !u!1 &1551054984646332
GameObject:
  m_ObjectHideFlags: 1
  m_CorrespondingSourceObject: {fileID: 0}
  m_PrefabInternal: {fileID: 100100000}
  serializedVersion: 6
  m_Component:
  - component: {fileID: 4139917428800750}
  m_Layer: 0
  m_Name: IKzub_R
  m_TagString: Untagged
  m_Icon: {fileID: 0}
  m_NavMeshLayer: 0
  m_StaticEditorFlags: 0
  m_IsActive: 1
--- !u!1 &1552091480907878
GameObject:
  m_ObjectHideFlags: 0
  m_CorrespondingSourceObject: {fileID: 0}
  m_PrefabInternal: {fileID: 100100000}
  serializedVersion: 6
  m_Component:
  - component: {fileID: 4812207162301938}
  - component: {fileID: 95588182469123462}
  m_Layer: 0
  m_Name: Spider
  m_TagString: Untagged
  m_Icon: {fileID: 0}
  m_NavMeshLayer: 0
  m_StaticEditorFlags: 0
  m_IsActive: 1
--- !u!1 &1586107416301076
GameObject:
  m_ObjectHideFlags: 1
  m_CorrespondingSourceObject: {fileID: 0}
  m_PrefabInternal: {fileID: 100100000}
  serializedVersion: 6
  m_Component:
  - component: {fileID: 4285722594417506}
  m_Layer: 0
  m_Name: Sheya
  m_TagString: Untagged
  m_Icon: {fileID: 0}
  m_NavMeshLayer: 0
  m_StaticEditorFlags: 0
  m_IsActive: 1
--- !u!1 &1645869918148920
GameObject:
  m_ObjectHideFlags: 1
  m_CorrespondingSourceObject: {fileID: 0}
  m_PrefabInternal: {fileID: 100100000}
  serializedVersion: 6
  m_Component:
  - component: {fileID: 4171901470926090}
  m_Layer: 0
  m_Name: nogaD_R
  m_TagString: Untagged
  m_Icon: {fileID: 0}
  m_NavMeshLayer: 0
  m_StaticEditorFlags: 0
  m_IsActive: 1
--- !u!1 &1653400741217274
GameObject:
  m_ObjectHideFlags: 1
  m_CorrespondingSourceObject: {fileID: 0}
  m_PrefabInternal: {fileID: 100100000}
  serializedVersion: 6
  m_Component:
  - component: {fileID: 4499905607149150}
  m_Layer: 0
  m_Name: nogaD_001_L
  m_TagString: Untagged
  m_Icon: {fileID: 0}
  m_NavMeshLayer: 0
  m_StaticEditorFlags: 0
  m_IsActive: 1
--- !u!1 &1660391967356584
GameObject:
  m_ObjectHideFlags: 1
  m_CorrespondingSourceObject: {fileID: 0}
  m_PrefabInternal: {fileID: 100100000}
  serializedVersion: 6
  m_Component:
  - component: {fileID: 4585093282244086}
  m_Layer: 0
  m_Name: zubB_L
  m_TagString: Untagged
  m_Icon: {fileID: 0}
  m_NavMeshLayer: 0
  m_StaticEditorFlags: 0
  m_IsActive: 1
--- !u!1 &1665353689072130
GameObject:
  m_ObjectHideFlags: 1
  m_CorrespondingSourceObject: {fileID: 0}
  m_PrefabInternal: {fileID: 100100000}
  serializedVersion: 6
  m_Component:
  - component: {fileID: 4770185057731720}
  m_Layer: 0
  m_Name: Thorso
  m_TagString: Untagged
  m_Icon: {fileID: 0}
  m_NavMeshLayer: 0
  m_StaticEditorFlags: 0
  m_IsActive: 1
--- !u!1 &1665477169419294
GameObject:
  m_ObjectHideFlags: 1
  m_CorrespondingSourceObject: {fileID: 0}
  m_PrefabInternal: {fileID: 100100000}
  serializedVersion: 6
  m_Component:
  - component: {fileID: 4849289240003162}
  m_Layer: 0
  m_Name: nogaC_R
  m_TagString: Untagged
  m_Icon: {fileID: 0}
  m_NavMeshLayer: 0
  m_StaticEditorFlags: 0
  m_IsActive: 1
--- !u!1 &1667589658665282
GameObject:
  m_ObjectHideFlags: 1
  m_CorrespondingSourceObject: {fileID: 0}
  m_PrefabInternal: {fileID: 100100000}
  serializedVersion: 6
  m_Component:
  - component: {fileID: 4677927266065726}
  m_Layer: 0
  m_Name: nogaB_003_R
  m_TagString: Untagged
  m_Icon: {fileID: 0}
  m_NavMeshLayer: 0
  m_StaticEditorFlags: 0
  m_IsActive: 1
--- !u!1 &1681794743626676
GameObject:
  m_ObjectHideFlags: 1
  m_CorrespondingSourceObject: {fileID: 0}
  m_PrefabInternal: {fileID: 100100000}
  serializedVersion: 6
  m_Component:
  - component: {fileID: 4640403932009186}
  m_Layer: 0
  m_Name: zubA_L
  m_TagString: Untagged
  m_Icon: {fileID: 0}
  m_NavMeshLayer: 0
  m_StaticEditorFlags: 0
  m_IsActive: 1
--- !u!1 &1682802907469238
GameObject:
  m_ObjectHideFlags: 1
  m_CorrespondingSourceObject: {fileID: 0}
  m_PrefabInternal: {fileID: 100100000}
  serializedVersion: 6
  m_Component:
  - component: {fileID: 4047824988299176}
  m_Layer: 0
  m_Name: IKnoga_003_R
  m_TagString: Untagged
  m_Icon: {fileID: 0}
  m_NavMeshLayer: 0
  m_StaticEditorFlags: 0
  m_IsActive: 1
--- !u!1 &1751417010788620
GameObject:
  m_ObjectHideFlags: 1
  m_CorrespondingSourceObject: {fileID: 0}
  m_PrefabInternal: {fileID: 100100000}
  serializedVersion: 6
  m_Component:
  - component: {fileID: 4443858819787828}
  m_Layer: 0
  m_Name: nogaA_001_L
  m_TagString: Untagged
  m_Icon: {fileID: 0}
  m_NavMeshLayer: 0
  m_StaticEditorFlags: 0
  m_IsActive: 1
--- !u!1 &1803238322910842
GameObject:
  m_ObjectHideFlags: 1
  m_CorrespondingSourceObject: {fileID: 0}
  m_PrefabInternal: {fileID: 100100000}
  serializedVersion: 6
  m_Component:
  - component: {fileID: 4415089907568546}
  m_Layer: 0
  m_Name: nogaD_002_L
  m_TagString: Untagged
  m_Icon: {fileID: 0}
  m_NavMeshLayer: 0
  m_StaticEditorFlags: 0
  m_IsActive: 1
--- !u!1 &1809013387422456
GameObject:
  m_ObjectHideFlags: 1
  m_CorrespondingSourceObject: {fileID: 0}
  m_PrefabInternal: {fileID: 100100000}
  serializedVersion: 6
  m_Component:
  - component: {fileID: 4359931504150950}
  m_Layer: 0
  m_Name: IKnoga_L
  m_TagString: Untagged
  m_Icon: {fileID: 0}
  m_NavMeshLayer: 0
  m_StaticEditorFlags: 0
  m_IsActive: 1
--- !u!1 &1810584408433084
GameObject:
  m_ObjectHideFlags: 1
  m_CorrespondingSourceObject: {fileID: 0}
  m_PrefabInternal: {fileID: 100100000}
  serializedVersion: 6
  m_Component:
  - component: {fileID: 4367912045326482}
  m_Layer: 0
  m_Name: nogaC_L
  m_TagString: Untagged
  m_Icon: {fileID: 0}
  m_NavMeshLayer: 0
  m_StaticEditorFlags: 0
  m_IsActive: 1
--- !u!1 &1814403561060574
GameObject:
  m_ObjectHideFlags: 1
  m_CorrespondingSourceObject: {fileID: 0}
  m_PrefabInternal: {fileID: 100100000}
  serializedVersion: 6
  m_Component:
  - component: {fileID: 4104453262323994}
  m_Layer: 0
  m_Name: nogaD_001_R
  m_TagString: Untagged
  m_Icon: {fileID: 0}
  m_NavMeshLayer: 0
  m_StaticEditorFlags: 0
  m_IsActive: 1
--- !u!1 &1842633616269772
GameObject:
  m_ObjectHideFlags: 1
  m_CorrespondingSourceObject: {fileID: 0}
  m_PrefabInternal: {fileID: 100100000}
  serializedVersion: 6
  m_Component:
  - component: {fileID: 4287611640796466}
  m_Layer: 0
  m_Name: nogaB_L
  m_TagString: Untagged
  m_Icon: {fileID: 0}
  m_NavMeshLayer: 0
  m_StaticEditorFlags: 0
  m_IsActive: 1
--- !u!1 &1848300612583546
GameObject:
  m_ObjectHideFlags: 1
  m_CorrespondingSourceObject: {fileID: 0}
  m_PrefabInternal: {fileID: 100100000}
  serializedVersion: 6
  m_Component:
  - component: {fileID: 4695383623809574}
  m_Layer: 0
  m_Name: nogaB_001_L
  m_TagString: Untagged
  m_Icon: {fileID: 0}
  m_NavMeshLayer: 0
  m_StaticEditorFlags: 0
  m_IsActive: 1
--- !u!1 &1908553405761214
GameObject:
  m_ObjectHideFlags: 1
  m_CorrespondingSourceObject: {fileID: 0}
  m_PrefabInternal: {fileID: 100100000}
  serializedVersion: 6
  m_Component:
  - component: {fileID: 4345848584097414}
  m_Layer: 0
  m_Name: IKnoga_R
  m_TagString: Untagged
  m_Icon: {fileID: 0}
  m_NavMeshLayer: 0
  m_StaticEditorFlags: 0
  m_IsActive: 1
--- !u!1 &1946990109222880
GameObject:
  m_ObjectHideFlags: 1
  m_CorrespondingSourceObject: {fileID: 0}
  m_PrefabInternal: {fileID: 100100000}
  serializedVersion: 6
  m_Component:
  - component: {fileID: 4054182001656760}
  m_Layer: 0
  m_Name: nogaA_001_R
  m_TagString: Untagged
  m_Icon: {fileID: 0}
  m_NavMeshLayer: 0
  m_StaticEditorFlags: 0
  m_IsActive: 1
--- !u!1 &1953322468234926
GameObject:
  m_ObjectHideFlags: 1
  m_CorrespondingSourceObject: {fileID: 0}
  m_PrefabInternal: {fileID: 100100000}
  serializedVersion: 6
  m_Component:
  - component: {fileID: 4679423696037862}
  m_Layer: 0
  m_Name: nogaB_002_L
  m_TagString: Untagged
  m_Icon: {fileID: 0}
  m_NavMeshLayer: 0
  m_StaticEditorFlags: 0
  m_IsActive: 1
--- !u!1 &1975833984208692
GameObject:
  m_ObjectHideFlags: 0
  m_CorrespondingSourceObject: {fileID: 0}
  m_PrefabInternal: {fileID: 100100000}
  serializedVersion: 6
  m_Component:
  - component: {fileID: 4047336860461708}
  m_Layer: 0
  m_Name: Armature
  m_TagString: Untagged
  m_Icon: {fileID: 0}
  m_NavMeshLayer: 0
  m_StaticEditorFlags: 0
  m_IsActive: 1
--- !u!1 &1977680506128376
GameObject:
  m_ObjectHideFlags: 1
  m_CorrespondingSourceObject: {fileID: 0}
  m_PrefabInternal: {fileID: 100100000}
  serializedVersion: 6
  m_Component:
  - component: {fileID: 4039311531074930}
  m_Layer: 0
  m_Name: Bone_004
  m_TagString: Untagged
  m_Icon: {fileID: 0}
  m_NavMeshLayer: 0
  m_StaticEditorFlags: 0
  m_IsActive: 1
--- !u!1 &1977756028069836
GameObject:
  m_ObjectHideFlags: 1
  m_CorrespondingSourceObject: {fileID: 0}
  m_PrefabInternal: {fileID: 100100000}
  serializedVersion: 6
  m_Component:
  - component: {fileID: 4107268280601790}
  m_Layer: 0
  m_Name: nogaC_003_L
  m_TagString: Untagged
  m_Icon: {fileID: 0}
  m_NavMeshLayer: 0
  m_StaticEditorFlags: 0
  m_IsActive: 1
--- !u!4 &4039311531074930
Transform:
  m_ObjectHideFlags: 1
  m_CorrespondingSourceObject: {fileID: 0}
  m_PrefabInternal: {fileID: 100100000}
  m_GameObject: {fileID: 1977680506128376}
  m_LocalRotation: {x: 0.0000000060649876, y: -0.39040765, z: -0.000000042950127,
    w: 0.9206421}
  m_LocalPosition: {x: -0.0034571206, y: 3.72529e-10, z: 1.862645e-11}
  m_LocalScale: {x: 1.0000001, y: 1, z: 1}
  m_Children: []
  m_Father: {fileID: 4732616832340818}
  m_RootOrder: 0
  m_LocalEulerAnglesHint: {x: 0, y: 0, z: 0}
--- !u!4 &4047336860461708
Transform:
  m_ObjectHideFlags: 1
  m_CorrespondingSourceObject: {fileID: 0}
  m_PrefabInternal: {fileID: 100100000}
  m_GameObject: {fileID: 1975833984208692}
  m_LocalRotation: {x: -0.7071068, y: 0, z: -0, w: 0.7071068}
  m_LocalPosition: {x: -0, y: 0.011366785, z: 0}
  m_LocalScale: {x: 1, y: 1, z: 1}
  m_Children:
  - {fileID: 4256681796786684}
  - {fileID: 4655725707167378}
  - {fileID: 4759731504225820}
  - {fileID: 4865154495262658}
  - {fileID: 4273992670160974}
  - {fileID: 4047824988299176}
  - {fileID: 4359931504150950}
  - {fileID: 4345848584097414}
  - {fileID: 4658010833125260}
  m_Father: {fileID: 4812207162301938}
  m_RootOrder: 0
  m_LocalEulerAnglesHint: {x: 0, y: 0, z: 0}
--- !u!4 &4047824988299176
Transform:
  m_ObjectHideFlags: 1
  m_CorrespondingSourceObject: {fileID: 0}
  m_PrefabInternal: {fileID: 100100000}
  m_GameObject: {fileID: 1682802907469238}
  m_LocalRotation: {x: 0.22363548, y: 0.04527147, z: 0.96597725, w: -0.121760614}
  m_LocalPosition: {x: 0.011407563, y: 0.01004499, z: 0.012294791}
  m_LocalScale: {x: 1.0000001, y: 1.0000001, z: 1.0000001}
  m_Children: []
  m_Father: {fileID: 4047336860461708}
  m_RootOrder: 5
  m_LocalEulerAnglesHint: {x: 0, y: 0, z: 0}
--- !u!4 &4048026684384582
Transform:
  m_ObjectHideFlags: 1
  m_CorrespondingSourceObject: {fileID: 0}
  m_PrefabInternal: {fileID: 100100000}
  m_GameObject: {fileID: 1084478872460540}
  m_LocalRotation: {x: 0.8184931, y: -0.3393794, z: 0.41987538, w: 0.19645682}
  m_LocalPosition: {x: -0.018638695, y: 0.005539317, z: -0.0010223703}
  m_LocalScale: {x: 1.0000002, y: 1, z: 0.9999999}
  m_Children:
  - {fileID: 4912144429787738}
  m_Father: {fileID: 4770185057731720}
  m_RootOrder: 8
  m_LocalEulerAnglesHint: {x: 0, y: 0, z: 0}
--- !u!4 &4054182001656760
Transform:
  m_ObjectHideFlags: 1
  m_CorrespondingSourceObject: {fileID: 0}
  m_PrefabInternal: {fileID: 100100000}
  m_GameObject: {fileID: 1946990109222880}
  m_LocalRotation: {x: 0.7572793, y: -0.5699548, z: 0.2632062, w: 0.18000595}
  m_LocalPosition: {x: -0.0135149285, y: 0.006685577, z: 0.0044462634}
  m_LocalScale: {x: 0.9999999, y: 0.9999998, z: 0.99999976}
  m_Children:
  - {fileID: 4834249754061650}
  m_Father: {fileID: 4770185057731720}
  m_RootOrder: 2
  m_LocalEulerAnglesHint: {x: 0, y: 0, z: 0}
--- !u!4 &4072459796271660
Transform:
  m_ObjectHideFlags: 1
  m_CorrespondingSourceObject: {fileID: 0}
  m_PrefabInternal: {fileID: 100100000}
  m_GameObject: {fileID: 1122304613668808}
  m_LocalRotation: {x: -0.031857766, y: 0.879133, z: 0.09376926, w: -0.46617335}
  m_LocalPosition: {x: -0.005128146, y: 4.842877e-10, z: 0.0000000010896474}
  m_LocalScale: {x: 0.99999976, y: 1, z: 1}
  m_Children: []
  m_Father: {fileID: 4857278949639964}
  m_RootOrder: 0
  m_LocalEulerAnglesHint: {x: 0, y: 0, z: 0}
--- !u!4 &4104453262323994
Transform:
  m_ObjectHideFlags: 1
  m_CorrespondingSourceObject: {fileID: 0}
  m_PrefabInternal: {fileID: 100100000}
  m_GameObject: {fileID: 1814403561060574}
  m_LocalRotation: {x: 0.016330866, y: -0.74751866, z: 0.2205996, w: 0.6263267}
  m_LocalPosition: {x: -0.0051538562, y: 4.4703483e-10, z: 2.9802322e-10}
  m_LocalScale: {x: 0.9999999, y: 0.9999999, z: 0.99999994}
  m_Children: []
  m_Father: {fileID: 4226335972921170}
  m_RootOrder: 0
  m_LocalEulerAnglesHint: {x: 0, y: 0, z: 0}
--- !u!4 &4107268280601790
Transform:
  m_ObjectHideFlags: 1
  m_CorrespondingSourceObject: {fileID: 0}
  m_PrefabInternal: {fileID: 100100000}
  m_GameObject: {fileID: 1977756028069836}
  m_LocalRotation: {x: 0.2287686, y: 0.43535754, z: -0.18961987, w: 0.8498077}
  m_LocalPosition: {x: -0.003991528, y: 0, z: -0.0000000023841857}
  m_LocalScale: {x: 1, y: 0.9999999, z: 0.99999976}
  m_Children:
  - {fileID: 4890720387903760}
  m_Father: {fileID: 4533256110116898}
  m_RootOrder: 0
  m_LocalEulerAnglesHint: {x: 0, y: 0, z: 0}
--- !u!4 &4139917428800750
Transform:
  m_ObjectHideFlags: 1
  m_CorrespondingSourceObject: {fileID: 0}
  m_PrefabInternal: {fileID: 100100000}
  m_GameObject: {fileID: 1551054984646332}
  m_LocalRotation: {x: 0.0023643938, y: -0.05951565, z: -0.4204373, w: 0.90536445}
  m_LocalPosition: {x: -0.012028916, y: -0.0052746558, z: -0.0002457022}
  m_LocalScale: {x: 0.9999999, y: 0.9999999, z: 1}
  m_Children: []
  m_Father: {fileID: 4968315680443126}
  m_RootOrder: 1
  m_LocalEulerAnglesHint: {x: 0, y: 0, z: 0}
--- !u!4 &4158684573266380
Transform:
  m_ObjectHideFlags: 1
  m_CorrespondingSourceObject: {fileID: 0}
  m_PrefabInternal: {fileID: 100100000}
  m_GameObject: {fileID: 1537338205041834}
  m_LocalRotation: {x: 0.6978174, y: 0.683927, z: 0.16988212, w: -0.12819882}
  m_LocalPosition: {x: -0.007616725, y: -0.00808491, z: 0.00351808}
  m_LocalScale: {x: 1, y: 0.9999998, z: 0.99999976}
  m_Children:
  - {fileID: 4679423696037862}
  m_Father: {fileID: 4770185057731720}
  m_RootOrder: 3
  m_LocalEulerAnglesHint: {x: 0, y: 0, z: 0}
--- !u!4 &4171901470926090
Transform:
  m_ObjectHideFlags: 1
  m_CorrespondingSourceObject: {fileID: 0}
  m_PrefabInternal: {fileID: 100100000}
  m_GameObject: {fileID: 1645869918148920}
  m_LocalRotation: {x: -0.0937046, y: 0.8885212, z: 0.20660168, w: -0.39882988}
  m_LocalPosition: {x: -0.007309985, y: 7.45058e-10, z: 0}
  m_LocalScale: {x: 0.9999999, y: 1.0000001, z: 0.9999999}
  m_Children: []
  m_Father: {fileID: 4849289240003162}
  m_RootOrder: 0
  m_LocalEulerAnglesHint: {x: 0, y: 0, z: 0}
--- !u!4 &4183097169223564
Transform:
  m_ObjectHideFlags: 1
  m_CorrespondingSourceObject: {fileID: 0}
  m_PrefabInternal: {fileID: 100100000}
  m_GameObject: {fileID: 1225879952209428}
  m_LocalRotation: {x: -0.0136946635, y: 0.037943408, z: 0.12297421, w: 0.9915897}
  m_LocalPosition: {x: -0.008155601, y: -0.004301843, z: -0.0005608439}
  m_LocalScale: {x: 1.0000001, y: 1, z: 0.9999998}
  m_Children:
  - {fileID: 4911980897149562}
  m_Father: {fileID: 4968315680443126}
  m_RootOrder: 3
  m_LocalEulerAnglesHint: {x: 0, y: 0, z: 0}
--- !u!4 &4219243021361244
Transform:
  m_ObjectHideFlags: 1
  m_CorrespondingSourceObject: {fileID: 0}
  m_PrefabInternal: {fileID: 100100000}
  m_GameObject: {fileID: 1539216734812130}
  m_LocalRotation: {x: 0.85401344, y: 0.36850804, z: 0.33854288, w: -0.14230818}
  m_LocalPosition: {x: -0.018632416, y: -0.0055401176, z: -0.0010224824}
  m_LocalScale: {x: 0.9999999, y: 0.99999994, z: 0.99999994}
  m_Children:
  - {fileID: 4287611640796466}
  m_Father: {fileID: 4770185057731720}
  m_RootOrder: 7
  m_LocalEulerAnglesHint: {x: 0, y: 0, z: 0}
--- !u!4 &4226335972921170
Transform:
  m_ObjectHideFlags: 1
  m_CorrespondingSourceObject: {fileID: 0}
  m_PrefabInternal: {fileID: 100100000}
  m_GameObject: {fileID: 1082132512006816}
  m_LocalRotation: {x: 0.07835374, y: 0.13078544, z: -0.09783804, w: 0.98345494}
  m_LocalPosition: {x: -0.004051792, y: -3.4691766e-10, z: 0.0000000023841857}
  m_LocalScale: {x: 0.99999976, y: 1, z: 0.99999976}
  m_Children:
  - {fileID: 4104453262323994}
  m_Father: {fileID: 4834249754061650}
  m_RootOrder: 0
  m_LocalEulerAnglesHint: {x: 0, y: 0, z: 0}
--- !u!4 &4230602468531608
Transform:
  m_ObjectHideFlags: 1
  m_CorrespondingSourceObject: {fileID: 0}
  m_PrefabInternal: {fileID: 100100000}
  m_GameObject: {fileID: 1516655139287808}
  m_LocalRotation: {x: -0.24689162, y: 0.07347725, z: 0.05749372, w: 0.96454144}
  m_LocalPosition: {x: -0.003991526, y: 8.5681673e-10, z: -2.9802322e-10}
  m_LocalScale: {x: 0.9999997, y: 0.99999976, z: 0.9999999}
  m_Children:
  - {fileID: 4736483187962562}
  m_Father: {fileID: 4677927266065726}
  m_RootOrder: 0
  m_LocalEulerAnglesHint: {x: 0, y: 0, z: 0}
--- !u!4 &4256681796786684
Transform:
  m_ObjectHideFlags: 1
  m_CorrespondingSourceObject: {fileID: 0}
  m_PrefabInternal: {fileID: 100100000}
  m_GameObject: {fileID: 1172130115716918}
  m_LocalRotation: {x: 0.04119611, y: -0.44161785, z: 0.08324509, w: 0.8923827}
  m_LocalPosition: {x: -0.016082274, y: -0.0065994686, z: 0.007189321}
  m_LocalScale: {x: 0.9999998, y: 0.99999976, z: 0.99999976}
  m_Children: []
  m_Father: {fileID: 4047336860461708}
  m_RootOrder: 0
  m_LocalEulerAnglesHint: {x: 0, y: 0, z: 0}
--- !u!4 &4273992670160974
Transform:
  m_ObjectHideFlags: 1
  m_CorrespondingSourceObject: {fileID: 0}
  m_PrefabInternal: {fileID: 100100000}
  m_GameObject: {fileID: 1471866394260934}
  m_LocalRotation: {x: -0.08342265, y: -0.44202396, z: -0.1294458, w: 0.88368505}
  m_LocalPosition: {x: -0.014553883, y: 0.0077198027, z: 0.009192026}
  m_LocalScale: {x: 1, y: 1.0000001, z: 1}
  m_Children: []
  m_Father: {fileID: 4047336860461708}
  m_RootOrder: 4
  m_LocalEulerAnglesHint: {x: 0, y: 0, z: 0}
--- !u!4 &4285722594417506
Transform:
  m_ObjectHideFlags: 1
  m_CorrespondingSourceObject: {fileID: 0}
  m_PrefabInternal: {fileID: 100100000}
  m_GameObject: {fileID: 1586107416301076}
  m_LocalRotation: {x: 0.97786343, y: 0.00027610883, z: 0.20924407, w: -0.00006417619}
  m_LocalPosition: {x: -0.017909758, y: 0.0000000013597309, z: -1.14087025e-10}
  m_LocalScale: {x: 0.9999998, y: 0.99999994, z: 0.9999997}
  m_Children:
  - {fileID: 4968315680443126}
  m_Father: {fileID: 4770185057731720}
  m_RootOrder: 9
  m_LocalEulerAnglesHint: {x: 0, y: 0, z: 0}
--- !u!4 &4287611640796466
Transform:
  m_ObjectHideFlags: 1
  m_CorrespondingSourceObject: {fileID: 0}
  m_PrefabInternal: {fileID: 100100000}
  m_GameObject: {fileID: 1842633616269772}
  m_LocalRotation: {x: 0.047513843, y: 0.16297993, z: -0.072597384, w: 0.98280704}
  m_LocalPosition: {x: -0.0054141497, y: -4.4703483e-10, z: -2.9802322e-10}
  m_LocalScale: {x: 1, y: 1.0000001, z: 1.0000001}
  m_Children:
  - {fileID: 4367912045326482}
  m_Father: {fileID: 4219243021361244}
  m_RootOrder: 0
  m_LocalEulerAnglesHint: {x: 0, y: 0, z: 0}
--- !u!4 &4316483772057824
Transform:
  m_ObjectHideFlags: 1
  m_CorrespondingSourceObject: {fileID: 0}
  m_PrefabInternal: {fileID: 100100000}
  m_GameObject: {fileID: 1499950307806574}
  m_LocalRotation: {x: -0.5130578, y: 0.7729673, z: -0.23008448, w: -0.29386094}
  m_LocalPosition: {x: -0.0009935835, y: 0.0077972994, z: 0.0035664558}
  m_LocalScale: {x: 0.99999976, y: 0.9999998, z: 0.99999976}
  m_Children:
  - {fileID: 4677927266065726}
  m_Father: {fileID: 4770185057731720}
  m_RootOrder: 6
  m_LocalEulerAnglesHint: {x: 0, y: 0, z: 0}
--- !u!4 &4345848584097414
Transform:
  m_ObjectHideFlags: 1
  m_CorrespondingSourceObject: {fileID: 0}
  m_PrefabInternal: {fileID: 100100000}
  m_GameObject: {fileID: 1908553405761214}
  m_LocalRotation: {x: 0.37958077, y: -0.22218502, z: 0.77506596, w: 0.45367947}
  m_LocalPosition: {x: 0.010414449, y: -0.015688, z: 0.019840535}
  m_LocalScale: {x: 0.9999999, y: 0.9999999, z: 1}
  m_Children: []
  m_Father: {fileID: 4047336860461708}
  m_RootOrder: 7
  m_LocalEulerAnglesHint: {x: 0, y: 0, z: 0}
--- !u!4 &4359931504150950
Transform:
  m_ObjectHideFlags: 1
  m_CorrespondingSourceObject: {fileID: 0}
  m_PrefabInternal: {fileID: 100100000}
  m_GameObject: {fileID: 1809013387422456}
  m_LocalRotation: {x: 0.22218499, y: -0.3795808, z: 0.45367953, w: 0.77506596}
  m_LocalPosition: {x: -0.010021437, y: -0.015595586, z: 0.020079613}
  m_LocalScale: {x: 0.99999976, y: 0.9999999, z: 0.99999994}
  m_Children: []
  m_Father: {fileID: 4047336860461708}
  m_RootOrder: 6
  m_LocalEulerAnglesHint: {x: 0, y: 0, z: 0}
--- !u!4 &4367912045326482
Transform:
  m_ObjectHideFlags: 1
  m_CorrespondingSourceObject: {fileID: 0}
  m_PrefabInternal: {fileID: 100100000}
  m_GameObject: {fileID: 1810584408433084}
  m_LocalRotation: {x: -0.010900011, y: 0.26442778, z: -0.026812252, w: 0.96397114}
  m_LocalPosition: {x: -0.0056029805, y: -0.0000000014156103, z: 0}
  m_LocalScale: {x: 1, y: 1, z: 1}
  m_Children:
  - {fileID: 4527638759120832}
  m_Father: {fileID: 4287611640796466}
  m_RootOrder: 0
  m_LocalEulerAnglesHint: {x: 0, y: 0, z: 0}
--- !u!4 &4382298180465910
Transform:
  m_ObjectHideFlags: 1
  m_CorrespondingSourceObject: {fileID: 0}
  m_PrefabInternal: {fileID: 100100000}
  m_GameObject: {fileID: 1031900796848998}
  m_LocalRotation: {x: 0.015724003, y: 0.17334566, z: -0.011583376, w: 0.9846674}
  m_LocalPosition: {x: -0.004029392, y: 3.1781383e-10, z: 1.44355e-10}
  m_LocalScale: {x: 0.9999999, y: 0.99999976, z: 1}
  m_Children:
  - {fileID: 4857278949639964}
  m_Father: {fileID: 4846563542650780}
  m_RootOrder: 0
  m_LocalEulerAnglesHint: {x: 0, y: 0, z: 0}
--- !u!4 &4405455939844218
Transform:
  m_ObjectHideFlags: 1
  m_CorrespondingSourceObject: {fileID: 0}
  m_PrefabInternal: {fileID: 100100000}
  m_GameObject: {fileID: 1507031653657518}
  m_LocalRotation: {x: 0.5957783, y: 0.79740316, z: -0.07127009, w: 0.0641644}
  m_LocalPosition: {x: -0.0009847515, y: -0.0077781803, z: 0.0035662965}
  m_LocalScale: {x: 0.9999997, y: 0.99999976, z: 0.99999964}
  m_Children:
  - {fileID: 4533256110116898}
  m_Father: {fileID: 4770185057731720}
  m_RootOrder: 5
  m_LocalEulerAnglesHint: {x: 0, y: 0, z: 0}
--- !u!4 &4415089907568546
Transform:
  m_ObjectHideFlags: 1
  m_CorrespondingSourceObject: {fileID: 0}
  m_PrefabInternal: {fileID: 100100000}
  m_GameObject: {fileID: 1803238322910842}
  m_LocalRotation: {x: 0.00801458, y: -0.84399104, z: 0.0607968, w: 0.5328402}
  m_LocalPosition: {x: -0.0051281475, y: 2.8871e-10, z: 0.0000000014019315}
  m_LocalScale: {x: 0.99999964, y: 1, z: 1.0000004}
  m_Children: []
  m_Father: {fileID: 4976409179512890}
  m_RootOrder: 0
  m_LocalEulerAnglesHint: {x: 0, y: 0, z: 0}
--- !u!4 &4443858819787828
Transform:
  m_ObjectHideFlags: 1
  m_CorrespondingSourceObject: {fileID: 0}
  m_PrefabInternal: {fileID: 100100000}
  m_GameObject: {fileID: 1751417010788620}
  m_LocalRotation: {x: 0.71042395, y: 0.69690025, z: 0.053194955, w: 0.082451515}
  m_LocalPosition: {x: -0.013507349, y: -0.006680676, z: 0.0044461275}
  m_LocalScale: {x: 0.99999976, y: 0.99999964, z: 1.0000001}
  m_Children:
  - {fileID: 4695383623809574}
  m_Father: {fileID: 4770185057731720}
  m_RootOrder: 1
  m_LocalEulerAnglesHint: {x: 0, y: 0, z: 0}
--- !u!4 &4474869304380810
Transform:
  m_ObjectHideFlags: 1
  m_CorrespondingSourceObject: {fileID: 0}
  m_PrefabInternal: {fileID: 100100000}
  m_GameObject: {fileID: 1154331970565994}
  m_LocalRotation: {x: 0.7071068, y: 0, z: -0, w: 0.7071067}
  m_LocalPosition: {x: -0, y: 0, z: -0.011366785}
  m_LocalScale: {x: 1, y: 1, z: 1}
  m_Children: []
  m_Father: {fileID: 4812207162301938}
  m_RootOrder: 1
  m_LocalEulerAnglesHint: {x: 0, y: 0, z: 0}
--- !u!4 &4499905607149150
Transform:
  m_ObjectHideFlags: 1
  m_CorrespondingSourceObject: {fileID: 0}
  m_PrefabInternal: {fileID: 100100000}
  m_GameObject: {fileID: 1653400741217274}
  m_LocalRotation: {x: -0.059858114, y: 0.90863115, z: 0.19456087, w: -0.36462662}
  m_LocalPosition: {x: -0.005153857, y: 4.842877e-10, z: 5.9604643e-10}
  m_LocalScale: {x: 0.99999964, y: 0.99999994, z: 1.0000002}
  m_Children: []
  m_Father: {fileID: 4950562476665732}
  m_RootOrder: 0
  m_LocalEulerAnglesHint: {x: 0, y: 0, z: 0}
--- !u!4 &4527638759120832
Transform:
  m_ObjectHideFlags: 1
  m_CorrespondingSourceObject: {fileID: 0}
  m_PrefabInternal: {fileID: 100100000}
  m_GameObject: {fileID: 1394696269859656}
  m_LocalRotation: {x: 0.058494702, y: 0.934657, z: -0.1887153, w: -0.29560322}
  m_LocalPosition: {x: -0.007309986, y: -6.3329936e-10, z: -2.9802322e-10}
  m_LocalScale: {x: 1, y: 0.99999976, z: 0.9999999}
  m_Children: []
  m_Father: {fileID: 4367912045326482}
  m_RootOrder: 0
  m_LocalEulerAnglesHint: {x: 0, y: 0, z: 0}
--- !u!4 &4533256110116898
Transform:
  m_ObjectHideFlags: 1
  m_CorrespondingSourceObject: {fileID: 0}
  m_PrefabInternal: {fileID: 100100000}
  m_GameObject: {fileID: 1021687586088380}
  m_LocalRotation: {x: 0.0030350368, y: 0.45034623, z: 0.020898689, w: 0.89260423}
  m_LocalPosition: {x: -0.0040662764, y: -0.0000000010151416, z: -7.0780515e-10}
  m_LocalScale: {x: 1.0000002, y: 0.9999999, z: 1}
  m_Children:
  - {fileID: 4107268280601790}
  m_Father: {fileID: 4405455939844218}
  m_RootOrder: 0
  m_LocalEulerAnglesHint: {x: 0, y: 0, z: 0}
--- !u!4 &4585093282244086
Transform:
  m_ObjectHideFlags: 1
  m_CorrespondingSourceObject: {fileID: 0}
  m_PrefabInternal: {fileID: 100100000}
  m_GameObject: {fileID: 1660391967356584}
  m_LocalRotation: {x: -0.023377076, y: -0.08790066, z: 0.528963, w: 0.84375656}
  m_LocalPosition: {x: -0.0037586226, y: -8.9406965e-10, z: 7.4505804e-11}
  m_LocalScale: {x: 0.99999994, y: 0.9999998, z: 1.0000001}
  m_Children: []
  m_Father: {fileID: 4640403932009186}
  m_RootOrder: 0
  m_LocalEulerAnglesHint: {x: 0, y: 0, z: 0}
--- !u!4 &4640403932009186
Transform:
  m_ObjectHideFlags: 1
  m_CorrespondingSourceObject: {fileID: 0}
  m_PrefabInternal: {fileID: 100100000}
  m_GameObject: {fileID: 1681794743626676}
  m_LocalRotation: {x: 0.013694522, y: 0.037943285, z: -0.122974426, w: 0.99158967}
  m_LocalPosition: {x: -0.008155599, y: 0.0043018437, z: -0.00056084496}
  m_LocalScale: {x: 1, y: 1.0000001, z: 1}
  m_Children:
  - {fileID: 4585093282244086}
  m_Father: {fileID: 4968315680443126}
  m_RootOrder: 2
  m_LocalEulerAnglesHint: {x: 0, y: 0, z: 0}
--- !u!4 &4655725707167378
Transform:
  m_ObjectHideFlags: 1
  m_CorrespondingSourceObject: {fileID: 0}
  m_PrefabInternal: {fileID: 100100000}
  m_GameObject: {fileID: 1294872335171898}
  m_LocalRotation: {x: 0.23346819, y: -0.04080361, z: 0.95700216, w: 0.16725588}
  m_LocalPosition: {x: 0.012450522, y: -0.009071822, z: 0.009390763}
  m_LocalScale: {x: 0.9999999, y: 0.99999976, z: 0.9999998}
  m_Children: []
  m_Father: {fileID: 4047336860461708}
  m_RootOrder: 1
  m_LocalEulerAnglesHint: {x: 0, y: 0, z: 0}
--- !u!4 &4658010833125260
Transform:
  m_ObjectHideFlags: 1
  m_CorrespondingSourceObject: {fileID: 0}
  m_PrefabInternal: {fileID: 100100000}
  m_GameObject: {fileID: 1326750913203208}
  m_LocalRotation: {x: 0.50000006, y: 0.49999997, z: -0.49999997, w: 0.50000006}
  m_LocalPosition: {x: -0, y: 0, z: -0.011409054}
  m_LocalScale: {x: 1, y: 1, z: 1}
  m_Children:
  - {fileID: 4770185057731720}
  m_Father: {fileID: 4047336860461708}
  m_RootOrder: 8
  m_LocalEulerAnglesHint: {x: 0, y: 0, z: 0}
--- !u!4 &4677927266065726
Transform:
  m_ObjectHideFlags: 1
  m_CorrespondingSourceObject: {fileID: 0}
  m_PrefabInternal: {fileID: 100100000}
  m_GameObject: {fileID: 1667589658665282}
  m_LocalRotation: {x: 0.022519253, y: 0.22874896, z: -0.0040380172, w: 0.9732166}
  m_LocalPosition: {x: -0.0040662778, y: 0.0000000011641532, z: -7.45058e-10}
  m_LocalScale: {x: 1.0000001, y: 0.9999999, z: 1.0000002}
  m_Children:
  - {fileID: 4230602468531608}
  m_Father: {fileID: 4316483772057824}
  m_RootOrder: 0
  m_LocalEulerAnglesHint: {x: 0, y: 0, z: 0}
--- !u!4 &4679423696037862
Transform:
  m_ObjectHideFlags: 1
  m_CorrespondingSourceObject: {fileID: 0}
  m_PrefabInternal: {fileID: 100100000}
  m_GameObject: {fileID: 1953322468234926}
  m_LocalRotation: {x: -0.021769328, y: 0.23897697, z: -0.0045231474, w: 0.97077066}
  m_LocalPosition: {x: -0.00402939, y: 6.1001626e-10, z: -6.513437e-10}
  m_LocalScale: {x: 0.9999997, y: 1.0000001, z: 0.9999999}
  m_Children:
  - {fileID: 4976409179512890}
  m_Father: {fileID: 4158684573266380}
  m_RootOrder: 0
  m_LocalEulerAnglesHint: {x: 0, y: 0, z: 0}
--- !u!4 &4695383623809574
Transform:
  m_ObjectHideFlags: 1
  m_CorrespondingSourceObject: {fileID: 0}
  m_PrefabInternal: {fileID: 100100000}
  m_GameObject: {fileID: 1848300612583546}
  m_LocalRotation: {x: -0.09238778, y: 0.34076786, z: 0.089164905, w: 0.9313385}
  m_LocalPosition: {x: -0.0051616775, y: 2.8871e-10, z: 0}
  m_LocalScale: {x: 0.9999997, y: 0.9999999, z: 1}
  m_Children:
  - {fileID: 4950562476665732}
  m_Father: {fileID: 4443858819787828}
  m_RootOrder: 0
  m_LocalEulerAnglesHint: {x: 0, y: 0, z: 0}
--- !u!4 &4732616832340818
Transform:
  m_ObjectHideFlags: 1
  m_CorrespondingSourceObject: {fileID: 0}
  m_PrefabInternal: {fileID: 100100000}
  m_GameObject: {fileID: 1409569010351842}
  m_LocalRotation: {x: 0.27466354, y: 0.000072869014, z: 0.9615404, w: -0.00027410302}
  m_LocalPosition: {x: 0.0000000010849908, y: 2.0489097e-10, z: -0.0000000021327287}
  m_LocalScale: {x: 0.9999999, y: 0.9999999, z: 0.9999999}
  m_Children:
  - {fileID: 4039311531074930}
  m_Father: {fileID: 4770185057731720}
  m_RootOrder: 0
  m_LocalEulerAnglesHint: {x: 0, y: 0, z: 0}
--- !u!4 &4736483187962562
Transform:
  m_ObjectHideFlags: 1
  m_CorrespondingSourceObject: {fileID: 0}
  m_PrefabInternal: {fileID: 100100000}
  m_GameObject: {fileID: 1134085451913126}
  m_LocalRotation: {x: 0.17696446, y: -0.74877274, z: -0.2673999, w: 0.58010375}
  m_LocalPosition: {x: -0.005681598, y: 0.0000000015646219, z: 0.000000001490116}
  m_LocalScale: {x: 0.99999964, y: 1.0000004, z: 0.9999997}
  m_Children: []
  m_Father: {fileID: 4230602468531608}
  m_RootOrder: 0
  m_LocalEulerAnglesHint: {x: 0, y: 0, z: 0}
--- !u!4 &4759731504225820
Transform:
  m_ObjectHideFlags: 1
  m_CorrespondingSourceObject: {fileID: 0}
  m_PrefabInternal: {fileID: 100100000}
  m_GameObject: {fileID: 1091202222045102}
  m_LocalRotation: {x: 0.007142024, y: -0.22452189, z: 0.03098119, w: 0.97395027}
  m_LocalPosition: {x: -0.015040748, y: -0.000055001077, z: 0.011063203}
  m_LocalScale: {x: 1.0000001, y: 1, z: 1.0000002}
  m_Children: []
  m_Father: {fileID: 4047336860461708}
  m_RootOrder: 2
  m_LocalEulerAnglesHint: {x: 0, y: 0, z: 0}
--- !u!4 &4770185057731720
Transform:
  m_ObjectHideFlags: 1
  m_CorrespondingSourceObject: {fileID: 0}
  m_PrefabInternal: {fileID: 100100000}
  m_GameObject: {fileID: 1665353689072130}
  m_LocalRotation: {x: 0.0011875734, y: 0.7338862, z: -0.042234734, w: 0.6779572}
  m_LocalPosition: {x: -0.015780792, y: -0.0012731499, z: -0.007948511}
  m_LocalScale: {x: 1.0000001, y: 1.0000002, z: 1.0000002}
  m_Children:
  - {fileID: 4732616832340818}
  - {fileID: 4443858819787828}
  - {fileID: 4054182001656760}
  - {fileID: 4158684573266380}
  - {fileID: 4846563542650780}
  - {fileID: 4405455939844218}
  - {fileID: 4316483772057824}
  - {fileID: 4219243021361244}
  - {fileID: 4048026684384582}
  - {fileID: 4285722594417506}
  m_Father: {fileID: 4658010833125260}
  m_RootOrder: 0
  m_LocalEulerAnglesHint: {x: 0, y: 0, z: 0}
--- !u!4 &4812117411791574
Transform:
  m_ObjectHideFlags: 1
  m_CorrespondingSourceObject: {fileID: 0}
  m_PrefabInternal: {fileID: 100100000}
  m_GameObject: {fileID: 1436315345117444}
  m_LocalRotation: {x: -0.0023645372, y: -0.059515584, z: 0.4204373, w: 0.90536445}
  m_LocalPosition: {x: -0.012028915, y: 0.0052746567, z: -0.00024570382}
  m_LocalScale: {x: 1.0000001, y: 1, z: 1.0000001}
  m_Children: []
  m_Father: {fileID: 4968315680443126}
  m_RootOrder: 0
  m_LocalEulerAnglesHint: {x: 0, y: 0, z: 0}
--- !u!4 &4812207162301938
Transform:
  m_ObjectHideFlags: 1
  m_CorrespondingSourceObject: {fileID: 0}
  m_PrefabInternal: {fileID: 100100000}
  m_GameObject: {fileID: 1552091480907878}
  m_LocalRotation: {x: 0, y: 0, z: 0, w: 1}
  m_LocalPosition: {x: -2.5285232, y: 0.5, z: 33.77204}
  m_LocalScale: {x: 1, y: 1, z: 1}
  m_Children:
  - {fileID: 4047336860461708}
  - {fileID: 4474869304380810}
  m_Father: {fileID: 0}
  m_RootOrder: 0
  m_LocalEulerAnglesHint: {x: 0, y: 0, z: 0}
--- !u!4 &4834249754061650
Transform:
  m_ObjectHideFlags: 1
  m_CorrespondingSourceObject: {fileID: 0}
  m_PrefabInternal: {fileID: 100100000}
  m_GameObject: {fileID: 1318436507969494}
  m_LocalRotation: {x: 0.08119986, y: 0.21848822, z: -0.12098392, w: 0.9649002}
  m_LocalPosition: {x: -0.0051616775, y: 7.590279e-10, z: 9.685754e-10}
  m_LocalScale: {x: 1, y: 0.99999976, z: 1}
  m_Children:
  - {fileID: 4226335972921170}
  m_Father: {fileID: 4054182001656760}
  m_RootOrder: 0
  m_LocalEulerAnglesHint: {x: 0, y: 0, z: 0}
--- !u!4 &4846563542650780
Transform:
  m_ObjectHideFlags: 1
  m_CorrespondingSourceObject: {fileID: 0}
  m_PrefabInternal: {fileID: 100100000}
  m_GameObject: {fileID: 1435950056888594}
  m_LocalRotation: {x: 0.7164428, y: -0.67833436, z: 0.12411238, w: 0.10568009}
  m_LocalPosition: {x: -0.007625901, y: 0.008096509, z: 0.0035182445}
  m_LocalScale: {x: 0.99999994, y: 0.99999994, z: 0.99999994}
  m_Children:
  - {fileID: 4382298180465910}
  m_Father: {fileID: 4770185057731720}
  m_RootOrder: 4
  m_LocalEulerAnglesHint: {x: 0, y: 0, z: 0}
--- !u!4 &4849289240003162
Transform:
  m_ObjectHideFlags: 1
  m_CorrespondingSourceObject: {fileID: 0}
  m_PrefabInternal: {fileID: 100100000}
  m_GameObject: {fileID: 1665477169419294}
  m_LocalRotation: {x: 0.007539322, y: 0.152877, z: -0.008222259, w: 0.98818225}
  m_LocalPosition: {x: -0.005602979, y: 8.1956386e-10, z: -5.9604643e-10}
  m_LocalScale: {x: 1.0000001, y: 0.99999994, z: 1.0000001}
  m_Children:
  - {fileID: 4171901470926090}
  m_Father: {fileID: 4912144429787738}
  m_RootOrder: 0
  m_LocalEulerAnglesHint: {x: 0, y: 0, z: 0}
--- !u!4 &4857278949639964
Transform:
  m_ObjectHideFlags: 1
  m_CorrespondingSourceObject: {fileID: 0}
  m_PrefabInternal: {fileID: 100100000}
  m_GameObject: {fileID: 1223320663275804}
  m_LocalRotation: {x: -0.060323063, y: 0.24200061, z: 0.04002746, w: 0.96757156}
  m_LocalPosition: {x: -0.004075523, y: 1.11758706e-10, z: -5.2037646e-10}
  m_LocalScale: {x: 1.0000001, y: 1.0000001, z: 1.0000001}
  m_Children:
  - {fileID: 4072459796271660}
  m_Father: {fileID: 4382298180465910}
  m_RootOrder: 0
  m_LocalEulerAnglesHint: {x: 0, y: 0, z: 0}
--- !u!4 &4865154495262658
Transform:
  m_ObjectHideFlags: 1
  m_CorrespondingSourceObject: {fileID: 0}
  m_PrefabInternal: {fileID: 100100000}
  m_GameObject: {fileID: 1439669898275566}
  m_LocalRotation: {x: 0.50708234, y: -0.020372031, z: 0.86096233, w: 0.034589015}
  m_LocalPosition: {x: 0.016529458, y: 0.0008161524, z: 0.007734493}
  m_LocalScale: {x: 0.9999999, y: 0.99999994, z: 0.9999999}
  m_Children: []
  m_Father: {fileID: 4047336860461708}
  m_RootOrder: 3
  m_LocalEulerAnglesHint: {x: 0, y: 0, z: 0}
--- !u!4 &4890720387903760
Transform:
  m_ObjectHideFlags: 1
  m_CorrespondingSourceObject: {fileID: 0}
  m_PrefabInternal: {fileID: 100100000}
  m_GameObject: {fileID: 1224223745580936}
  m_LocalRotation: {x: 0.04362363, y: 0.95502317, z: -0.21705605, w: -0.19726764}
  m_LocalPosition: {x: -0.0056815986, y: 0.0000000012665987, z: 0.0000000013411044}
  m_LocalScale: {x: 0.99999976, y: 1.0000002, z: 0.9999997}
  m_Children: []
  m_Father: {fileID: 4107268280601790}
  m_RootOrder: 0
  m_LocalEulerAnglesHint: {x: 0, y: 0, z: 0}
--- !u!4 &4911980897149562
Transform:
  m_ObjectHideFlags: 1
  m_CorrespondingSourceObject: {fileID: 0}
  m_PrefabInternal: {fileID: 100100000}
  m_GameObject: {fileID: 1372153795929048}
  m_LocalRotation: {x: 0.023377113, y: -0.08790072, z: -0.5289629, w: 0.8437566}
  m_LocalPosition: {x: -0.0037586223, y: 7.729977e-10, z: 9.31323e-12}
  m_LocalScale: {x: 0.9999999, y: 0.9999997, z: 0.99999976}
  m_Children: []
  m_Father: {fileID: 4183097169223564}
  m_RootOrder: 0
  m_LocalEulerAnglesHint: {x: 0, y: 0, z: 0}
--- !u!4 &4912144429787738
Transform:
  m_ObjectHideFlags: 1
  m_CorrespondingSourceObject: {fileID: 0}
  m_PrefabInternal: {fileID: 100100000}
  m_GameObject: {fileID: 1174219861933546}
  m_LocalRotation: {x: -0.05596384, y: 0.11350764, z: 0.026595639, w: 0.99160314}
  m_LocalPosition: {x: -0.0054141497, y: -2.2351741e-10, z: 0}
  m_LocalScale: {x: 0.9999999, y: 1.0000001, z: 1}
  m_Children:
  - {fileID: 4849289240003162}
  m_Father: {fileID: 4048026684384582}
  m_RootOrder: 0
  m_LocalEulerAnglesHint: {x: 0, y: 0, z: 0}
--- !u!4 &4950562476665732
Transform:
  m_ObjectHideFlags: 1
  m_CorrespondingSourceObject: {fileID: 0}
  m_PrefabInternal: {fileID: 100100000}
  m_GameObject: {fileID: 1003105403271834}
  m_LocalRotation: {x: -0.077223465, y: 0.32486975, z: 0.15061992, w: 0.930489}
  m_LocalPosition: {x: -0.0040517915, y: -1.4901161e-10, z: 7.45058e-10}
  m_LocalScale: {x: 1.0000001, y: 0.9999998, z: 0.9999997}
  m_Children:
  - {fileID: 4499905607149150}
  m_Father: {fileID: 4695383623809574}
  m_RootOrder: 0
  m_LocalEulerAnglesHint: {x: 0, y: 0, z: 0}
--- !u!4 &4968315680443126
Transform:
  m_ObjectHideFlags: 1
  m_CorrespondingSourceObject: {fileID: 0}
  m_PrefabInternal: {fileID: 100100000}
  m_GameObject: {fileID: 1478497870224536}
  m_LocalRotation: {x: 0.014121171, y: -0.17010891, z: -0.08151287, w: 0.98194665}
  m_LocalPosition: {x: -0.0028008455, y: 2.7939676e-10, z: -2.1158485e-10}
  m_LocalScale: {x: 0.9999999, y: 1.0000001, z: 1.0000001}
  m_Children:
  - {fileID: 4812117411791574}
  - {fileID: 4139917428800750}
  - {fileID: 4640403932009186}
  - {fileID: 4183097169223564}
  m_Father: {fileID: 4285722594417506}
  m_RootOrder: 0
  m_LocalEulerAnglesHint: {x: 0, y: 0, z: 0}
--- !u!4 &4976409179512890
Transform:
  m_ObjectHideFlags: 1
  m_CorrespondingSourceObject: {fileID: 0}
  m_PrefabInternal: {fileID: 100100000}
  m_GameObject: {fileID: 1409945538413922}
  m_LocalRotation: {x: 0.058166288, y: 0.2945628, z: -0.05429129, w: 0.95231396}
  m_LocalPosition: {x: -0.0040755253, y: 4.0046869e-10, z: 9.685754e-10}
  m_LocalScale: {x: 0.9999999, y: 0.9999998, z: 0.9999999}
  m_Children:
  - {fileID: 4415089907568546}
  m_Father: {fileID: 4679423696037862}
  m_RootOrder: 0
  m_LocalEulerAnglesHint: {x: 0, y: 0, z: 0}
--- !u!95 &95588182469123462
Animator:
  serializedVersion: 3
  m_ObjectHideFlags: 1
  m_CorrespondingSourceObject: {fileID: 0}
  m_PrefabInternal: {fileID: 100100000}
  m_GameObject: {fileID: 1552091480907878}
  m_Enabled: 1
  m_Avatar: {fileID: 9000000, guid: ac1d83a9625aff442ba3a7c6685ad1af, type: 3}
  m_Controller: {fileID: 0}
  m_CullingMode: 1
  m_UpdateMode: 0
  m_ApplyRootMotion: 0
  m_LinearVelocityBlending: 0
  m_WarningMessage: 
  m_HasTransformHierarchy: 1
  m_AllowConstantClipSamplingOptimization: 1
  m_KeepAnimatorControllerStateOnDisable: 0
--- !u!137 &137677140954684212
SkinnedMeshRenderer:
  m_ObjectHideFlags: 1
  m_CorrespondingSourceObject: {fileID: 0}
  m_PrefabInternal: {fileID: 100100000}
  m_GameObject: {fileID: 1154331970565994}
  m_Enabled: 1
  m_CastShadows: 1
  m_ReceiveShadows: 1
  m_DynamicOccludee: 1
  m_MotionVectors: 1
  m_LightProbeUsage: 1
  m_ReflectionProbeUsage: 1
  m_RenderingLayerMask: 4294967295
  m_Materials:
  - {fileID: 2100000, guid: 7d53d03d871d447498c3eef42a909864, type: 2}
  m_StaticBatchInfo:
    firstSubMesh: 0
    subMeshCount: 0
  m_StaticBatchRoot: {fileID: 0}
  m_ProbeAnchor: {fileID: 0}
  m_LightProbeVolumeOverride: {fileID: 0}
  m_ScaleInLightmap: 1
  m_PreserveUVs: 0
  m_IgnoreNormalsForChartDetection: 0
  m_ImportantGI: 0
  m_StitchLightmapSeams: 0
  m_SelectedEditorRenderState: 3
  m_MinimumChartSize: 4
  m_AutoUVMaxDistance: 0.5
  m_AutoUVMaxAngle: 89
  m_LightmapParameters: {fileID: 0}
  m_SortingLayerID: 0
  m_SortingLayer: 0
  m_SortingOrder: 0
  serializedVersion: 2
  m_Quality: 0
  m_UpdateWhenOffscreen: 0
  m_SkinnedMotionVectors: 1
  m_Mesh: {fileID: 4300000, guid: ac1d83a9625aff442ba3a7c6685ad1af, type: 3}
  m_Bones:
  - {fileID: 4658010833125260}
  - {fileID: 4770185057731720}
  - {fileID: 4219243021361244}
  - {fileID: 4287611640796466}
  - {fileID: 4367912045326482}
  - {fileID: 4527638759120832}
  - {fileID: 4285722594417506}
  - {fileID: 4968315680443126}
  - {fileID: 4640403932009186}
  - {fileID: 4585093282244086}
  - {fileID: 4183097169223564}
  - {fileID: 4911980897149562}
  - {fileID: 4812117411791574}
  - {fileID: 4139917428800750}
  - {fileID: 4732616832340818}
  - {fileID: 4039311531074930}
  - {fileID: 4443858819787828}
  - {fileID: 4695383623809574}
  - {fileID: 4950562476665732}
  - {fileID: 4499905607149150}
  - {fileID: 4158684573266380}
  - {fileID: 4679423696037862}
  - {fileID: 4976409179512890}
  - {fileID: 4415089907568546}
  - {fileID: 4405455939844218}
  - {fileID: 4533256110116898}
  - {fileID: 4107268280601790}
  - {fileID: 4890720387903760}
  - {fileID: 4048026684384582}
  - {fileID: 4912144429787738}
  - {fileID: 4849289240003162}
  - {fileID: 4171901470926090}
  - {fileID: 4054182001656760}
  - {fileID: 4834249754061650}
  - {fileID: 4226335972921170}
  - {fileID: 4104453262323994}
  - {fileID: 4846563542650780}
  - {fileID: 4382298180465910}
  - {fileID: 4857278949639964}
  - {fileID: 4072459796271660}
  - {fileID: 4316483772057824}
  - {fileID: 4677927266065726}
  - {fileID: 4230602468531608}
  - {fileID: 4736483187962562}
  - {fileID: 4359931504150950}
  - {fileID: 4256681796786684}
  - {fileID: 4759731504225820}
  - {fileID: 4273992670160974}
  - {fileID: 4345848584097414}
  - {fileID: 4655725707167378}
  - {fileID: 4865154495262658}
  - {fileID: 4047824988299176}
  m_BlendShapeWeights: []
  m_RootBone: {fileID: 4658010833125260}
  m_AABB:
    m_Center: {x: -0.019225815, y: -0.0008771606, z: 0.005822979}
    m_Extent: {x: 0.020839633, y: 0.035553638, z: 0.028264169}
  m_DirtyAABB: 0
